<?xml version="1.0" encoding="UTF-8"?>
<Document xmlns="urn:iso:std:iso:20022:tech:xsd:camt.054.001.04"
    xmlns:xsi="http://www.w3.org/2001/XMLSchema-instance" xsi:schemaLocation="urn:iso:std:iso:20022:tech:xsd:camt.054.001.04 camt.054.001.04.xsd">
    <BkToCstmrDbtCdtNtfctn>
        <GrpHdr>
            <MsgId>20210622375204622036093</MsgId>
            <CreDtTm>2021-06-22T23:30:56</CreDtTm>
            <MsgPgntn>
                <PgNb>1</PgNb>
                <LastPgInd>true</LastPgInd>
            </MsgPgntn>
            <AddtlInf>SPS/1.7/PROD</AddtlInf>
        </GrpHdr>
        <Ntfctn>
            <Id>20210622375204622036096</Id>
            <CreDtTm>2021-06-22T23:30:56</CreDtTm>
            <FrToDt>
                <FrDtTm>2021-06-16T00:00:00</FrDtTm>
                <ToDtTm>2021-06-22T23:59:59</ToDtTm>
            </FrToDt>
            <RptgSrc>
                <Prtry>OTHR</Prtry>
            </RptgSrc>
            <Acct>
                <Id>
                    <IBAN>CH0709000000650396563</IBAN>
                </Id>
                <Ownr>
                    <Nm>Bossalini Tiziano Panetteria 6702 Claro</Nm>
                </Ownr>
            </Acct>
            <Ntry>
                <NtryRef>010141478</NtryRef>
                <Amt Ccy="CHF">85.80</Amt>
                <CdtDbtInd>CRDT</CdtDbtInd>
                <RvslInd>false</RvslInd>
                <Sts>BOOK</Sts>
                <BookgDt>
                    <Dt>2021-06-16</Dt>
                </BookgDt>
                <ValDt>
                    <Dt>2021-06-17</Dt>
                </ValDt>
                <AcctSvcrRef>167120007867D4JU</AcctSvcrRef>
                <BkTxCd>
                    <Domn>
                        <Cd>PMNT</Cd>
                        <Fmly>
                            <Cd>RCDT</Cd>
                            <SubFmlyCd>VCOM</SubFmlyCd>
                        </Fmly>
                    </Domn>
                </BkTxCd>
                <Chrgs>
                    <TtlChrgsAndTaxAmt Ccy="CHF">1.60</TtlChrgsAndTaxAmt>
                    <Rcrd>
                        <Amt Ccy="CHF">1.60</Amt>
                        <CdtDbtInd>DBIT</CdtDbtInd>
                        <ChrgInclInd>false</ChrgInclInd>
                        <Tp>
                            <Prtry>
                                <Id>2</Id>
                            </Prtry>
                        </Tp>
                    </Rcrd>
                </Chrgs>
                <NtryDtls>
                    <Btch>
                        <NbOfTxs>1</NbOfTxs>
                    </Btch>
                    <TxDtls>
                        <Refs>
                            <AcctSvcrRef>210616CH0780O664</AcctSvcrRef>
                            <InstrId>20210615144301000100071</InstrId>
                            <Prtry>
                                <Tp>01</Tp>
                                <Ref>20210615144301000100071</Ref>
                            </Prtry>
                        </Refs>
                        <Amt Ccy="CHF">85.80</Amt>
                        <CdtDbtInd>CRDT</CdtDbtInd>
                        <BkTxCd>
                            <Domn>
                                <Cd>PMNT</Cd>
                                <Fmly>
                                    <Cd>CNTR</Cd>
                                    <SubFmlyCd>CDPT</SubFmlyCd>
                                </Fmly>
                            </Domn>
                        </BkTxCd>
                        <Chrgs>
                            <TtlChrgsAndTaxAmt Ccy="CHF">1.60</TtlChrgsAndTaxAmt>
                            <Rcrd>
                                <Amt Ccy="CHF">1.60</Amt>
                                <CdtDbtInd>DBIT</CdtDbtInd>
                                <ChrgInclInd>false</ChrgInclInd>
                                <Tp>
                                    <Prtry>
                                        <Id>2</Id>
                                    </Prtry>
                                </Tp>
                            </Rcrd>
                        </Chrgs>
                        <RltdAgts>
                            <DbtrAgt>
                                <FinInstnId>
                                    <BICFI>POFICHBEXXX</BICFI>
                                    <Nm>POSTFINANCE AG</Nm>
                                    <PstlAdr>
                                        <AdrLine>MINGERSTRASSE 20</AdrLine>
                                        <AdrLine>3030 BERN</AdrLine>
                                    </PstlAdr>
                                </FinInstnId>
                            </DbtrAgt>
                        </RltdAgts>
                        <RmtInf>
                            <Strd>
                                <CdtrRefInf>
                                    <Tp>
                                        <CdOrPrtry>
                                            <Prtry>ISR Reference</Prtry>
                                        </CdOrPrtry>
                                    </Tp>
                                    <Ref>002021010012550000000068140</Ref>
                                </CdtrRefInf>
                                <AddtlRmtInf>?REJECT?0</AddtlRmtInf>
                            </Strd>
                        </RmtInf>
                        <RltdDts>
                            <AccptncDtTm>2021-06-15T20:00:00</AccptncDtTm>
                        </RltdDts>
                    </TxDtls>
                </NtryDtls>
                <AddtlNtryInf>ACCREDITO COLLETTIVO PVR ELABORAZIONE DEL 16.06.2021 NUMERO CLIENTE 01-14147-8 PACCHETTO ID: 210616CH00000G2T</AddtlNtryInf>
            </Ntry>
        </Ntfctn>
    </BkToCstmrDbtCdtNtfctn>
</Document>
